<?xml version="1.0" encoding="UTF-8"?><collection xmlns="http://www.loc.gov/MARC21/slim"><record><leader>00404nam--2200133-i-4500</leader><controlfield tag="001">000004038</controlfield><controlfield tag="002">20161230</controlfield><controlfield tag="005">20161230201025</controlfield><controlfield tag="008">060222s1000------------r-----000-0-eng-d</controlfield><datafield ind1=" " ind2=" " tag="100"><subfield code="a">Arzelies, Henri</subfield></datafield><datafield ind1=" " ind2=" " tag="245"><subfield code="a">La dynamique relativiste et ses applications. fasc.i dynamique du point lentement accelere</subfield></datafield><datafield ind1=" " ind2=" " tag="260"><subfield code="a">Paris, Gauthier-villars, 1957 Xiv + 304 P</subfield></datafield><datafield ind1=" " ind2=" " tag="490"><subfield code="a">Etudes Relativistes</subfield></datafield><datafield ind1=" " ind2=" " tag="852"><subfield code="a">13197</subfield></datafield></record></collection>